<?xml version="1.0" encoding="UTF-8"?><record xmlns="http://www.loc.gov/MARC21/slim" xmlns:cinclude="http://apache.org/cocoon/include/1.0" xmlns:zs="http://www.loc.gov/zing/srw/">
  <leader>01315cz  a2200241n  4500</leader>
  <controlfield tag="001">n  86869856 </controlfield>
  <controlfield tag="003">DLC</controlfield>
  <controlfield tag="005">20140423133422.0</controlfield>
  <controlfield tag="008">861209n| azannaabn          |a aaa      </controlfield>
  <datafield tag="010" ind1=" " ind2=" ">
    <subfield code="a">n  86869856 </subfield>
    <subfield code="z">n  82010148 </subfield>
    <subfield code="z">no 00059654 </subfield>
  </datafield>
  <datafield tag="035" ind1=" " ind2=" ">
    <subfield code="a">(OCoLC)oca01776422</subfield>
  </datafield>
  <datafield tag="040" ind1=" " ind2=" ">
    <subfield code="a">DLC</subfield>
    <subfield code="b">eng</subfield>
    <subfield code="e">rda</subfield>
    <subfield code="c">DLC</subfield>
    <subfield code="d">DLC</subfield>
    <subfield code="d">MNS-J</subfield>
    <subfield code="d">OOC</subfield>
    <subfield code="d">DLC</subfield>
  </datafield>
  <datafield tag="100" ind1="1" ind2=" ">
    <subfield code="a">Dowland, John,</subfield>
    <subfield code="d">1563?-1626.</subfield>
    <subfield code="t">Songs or ayres,</subfield>
    <subfield code="n">1st book.</subfield>
    <subfield code="p">Come againe sweet love doth now envite</subfield>
  </datafield>
  <datafield tag="400" ind1="1" ind2=" ">
    <subfield code="a">Dowland, John,</subfield>
    <subfield code="d">1563?-1626.</subfield>
    <subfield code="t">Come againe sweet love doth now envite</subfield>
  </datafield>
  <datafield tag="400" ind1="1" ind2=" ">
    <subfield code="a">Dowland, John,</subfield>
    <subfield code="d">1563?-1626.</subfield>
    <subfield code="t">Come again</subfield>
  </datafield>
  <datafield tag="400" ind1="1" ind2=" ">
    <subfield code="a">Dowland, John,</subfield>
    <subfield code="d">1563?-1626.</subfield>
    <subfield code="t">Come again, sweet love</subfield>
  </datafield>
  <datafield tag="400" ind1="1" ind2=" ">
    <subfield code="a">Dowland, John,</subfield>
    <subfield code="d">1563?-1626.</subfield>
    <subfield code="t">Come again, sweet love doth now invite</subfield>
  </datafield>
  <datafield tag="400" ind1="1" ind2=" ">
    <subfield code="a">Dowland, John,</subfield>
    <subfield code="d">1563?-1626.</subfield>
    <subfield code="t">Reviens, le doux amour maintenant invite</subfield>
  </datafield>
  <datafield tag="400" ind1="1" ind2=" ">
    <subfield code="a">Dowland, John,</subfield>
    <subfield code="d">1563?-1626.</subfield>
    <subfield code="t">Reviens, le doux amour invite en cette heure</subfield>
  </datafield>
  <datafield tag="400" ind1="1" ind2=" ">
    <subfield code="a">Dowland, John,</subfield>
    <subfield code="d">1563?-1626.</subfield>
    <subfield code="t">Komme wieder, suĚsse Liebe begruĚst nun</subfield>
  </datafield>
  <datafield tag="400" ind1="1" ind2=" ">
    <subfield code="a">Dowland, John,</subfield>
    <subfield code="d">1563?-1626.</subfield>
    <subfield code="t">Reviens</subfield>
  </datafield>
  <datafield tag="670" ind1=" " ind2=" ">
    <subfield code="a">Baker, J. A pageant of English song [SR] 1983, p1967:</subfield>
    <subfield code="b">label (Come again) container (from First book of airs (1597))</subfield>
  </datafield>
  <datafield tag="670" ind1=" " ind2=" ">
    <subfield code="a">New Grove</subfield>
    <subfield code="b">(Come againe sweet love doth now envite, from Firste booke of songs or ayres of foure partes with tablature for the lute (London, 1597))</subfield>
  </datafield>
</record>